@InProceedings{ayache19a,
  title = 	 {Explaining Black Boxes on Sequential Data using Weighted Automata},
  author = 	 {Ayache, St\'ephane and Eyraud, R\'emi and Goudian, No\'e},
  booktitle = 	 {Proceedings of The 14th International Conference on Grammatical Inference},
  pages = 	 {81--103},
  year = 	 {2018},
  editor = 	 {Unold, Olgierd and Dyrka, Witold and Wieczorek, Wojciech},
  volume = 	 {93},
  series = 	 {Proceedings of Machine Learning Research},
  address = 	 {},
  month = 	 {05--07 Sep},
  publisher = 	 {PMLR},
  pdf = 	 {http://proceedings.mlr.press/v93/ayache19a/ayache19a.pdf},
  url = 	 {http://proceedings.mlr.press/v93/ayache19a.html}
}

